<record xmlns="http://www.loc.gov/MARC21/slim" xmlns:xsi="http://www.w3.org/2001/XMLSchema-instance" xsi:schemaLocation="http://www.loc.gov/MARC21/slim http://www.loc.gov/standards/marcxml/schema/MARC21slim.xsd">

  <leader>00918nam a2200241   4500</leader>
  <controlfield tag="008">160727b2016    cr ||||| |||| 00| | spa d</controlfield>
  <datafield tag="090" ind1=" " ind2=" ">
    <subfield code="a">18.08.01</subfield>
    <subfield code="b">2354</subfield>
  </datafield>
  <datafield tag="100" ind2=" " ind1="1">
    <subfield code="9">1906</subfield>
    <subfield code="a">Espeleta sibaja, Annia</subfield>
  </datafield>
  <datafield tag="245" ind2=" " ind1=" ">
    <subfield code="a">Estrategias y técnicas didácticas en educación matemática /</subfield>
    <subfield code="c">Annia Espeleta Sibaja, Ana Victoria Fonseca Rodríguez, Wendy Zamora Monge</subfield>
  </datafield>
  <datafield ind2=" " ind1=" " tag="246">
    <subfield code="a">Estrategias metodológicas para la enseñanza de la matemática</subfield>
  </datafield>
  <datafield tag="260" ind1=" " ind2=" ">
    <subfield code="a">[San José, Costa Rica] :</subfield>
    <subfield code="b">INIE,</subfield>
    <subfield code="c">2016</subfield>
  </datafield>
  <datafield ind1=" " ind2=" " tag="300">
    <subfield code="a">189 páginas</subfield>
  </datafield>
  <datafield tag="500" ind1=" " ind2=" ">
    <subfield code="a">Informe final proyecto de investigación 724-B4-329</subfield>
  </datafield>
  <datafield ind2="4" ind1="1" tag="650">
    <subfield code="9">482</subfield>
    <subfield code="a">MATEMÁTICAS  </subfield>
  </datafield>
  <datafield ind2="4" ind1="1" tag="650">
    <subfield code="9">812</subfield>
    <subfield code="a">ESTRATEGIAS EDUCATIVAS</subfield>
  </datafield>
  <datafield tag="650" ind1="1" ind2="4">
    <subfield code="9">1</subfield>
    <subfield code="a">EDUCACIÓN</subfield>
  </datafield>
  <datafield ind2="4" ind1="1" tag="650">
    <subfield code="9">342</subfield>
    <subfield code="a">CURRÍCULO (EDUCACIÓN)</subfield>
  </datafield>
  <datafield tag="650" ind1="1" ind2="4">
    <subfield code="9">14</subfield>
    <subfield code="a">ENSEÑANZA</subfield>
  </datafield>
  <datafield tag="650" ind2="4" ind1="1">
    <subfield code="9">824</subfield>
    <subfield code="a">MÉTODOS PEDAGÓGICOS</subfield>
  </datafield>
  <datafield ind1="1" ind2=" " tag="700">
    <subfield code="9">1907</subfield>
    <subfield code="a">Fonseca Rodríguez, Ana Victoria</subfield>
  </datafield>
  <datafield tag="700" ind2=" " ind1="1">
    <subfield code="9">1908</subfield>
    <subfield code="a">Zamora Monge, Wendy</subfield>
  </datafield>
  <datafield ind2=" " ind1=" " tag="942">
    <subfield code="2">z</subfield>
    <subfield code="c">04</subfield>
  </datafield>
  <datafield ind1=" " ind2=" " tag="999">
    <subfield code="c">3289</subfield>
    <subfield code="d">3289</subfield>
  </datafield>
</record>